@misc{TestandProtectScotlandApp,
  title = "{Test and Protect Scotland App}",
  key = "Test and Protect Scotland App",
  howpublished = {\url{https://protect.scot/}},
  note = "Accessed on October 2020"
}

@misc{C19byZoe,
  title = "{C19 by Zoe}",
  key = "C19 by Zoe",
  howpublished = {\url{https://covid.joinzoe.com/}},
  note = "Accessed on October 2020"
}

@misc{Mappiness,
  title = "{Mappiness}",
  key = "Mappiness",
  howpublished = {\url{https://mappiness.org.uk/}},
  note = "Accessed on October 2020"
}

@misc{IHME,
  title = "{Institute for Health Metrics and Evaluation}",
  key = "Institute for Health Metrics and Evaluation",
  howpublished = {\url{http://www.healthdata.org/}},
  note = "Accessed on October 2020"
}

@misc{SARA,
  title = "{SARA}",
  key = "SARA",
  howpublished = {\url{https://www.ncbi.nlm.nih.gov/pmc/articles/PMC5831124/}},
  note = "Accessed on October, 2020"
}

@misc{TryAdvisor,
  title = "{TryAdvisor: Final Hosted Product}",
  key = "TryAdvisor: Final Hosted Product",
  howpublished = {\url{https://trypadvisor.pythonanywhere.com/form/}},
  note = "Updated as of March 2021"
}

@misc{Nominatim,
  title = "{Nominatim}",
  key = "Nominatim",
  howpublished = {\url{https://nominatim.openstreetmap.org/ui/search.html}},
  note = "Accessed on April 2021"
}

@misc{Heroku,
  title = "{Heroku}",
  key = "Heroku",
  howpublished = {\url{https://www.heroku.com/}},
  note = "Accessed on November 2020"
}

@misc{PythonAnywhere,
  title = "{Python Anywhere}",
  key = "Python Anywhere",
  howpublished = {\url{https://www.pythonanywhere.com/}},
  note = "Accessed on February 2021"
}

@misc{Plotly,
  title = "{Plotly}",
  key = "Plotly",
  howpublished = {\url{https://plotly.com/}},
  note = "Accessed on December 2020"
}

@misc{BAHCM,
  title = "{BAHCM}",
  key = "BAHCM",
  howpublished = {\url{https://www.gla.ac.uk/researchinstitutes/bahcm/}},
  note = "Accessed on September 2020"
}

@misc{Django,
  title = "{Django}",
  key = "Django",
  howpublished = {\url{https://www.djangoproject.com/}},
  note = "Accessed on October 2020"
}

@misc{black,
  title = "{Black}",
  key = "Black",
  howpublished = {\url{https://github.com/psf/black}},
  note = "Accessed on November 2020"
}
 
@misc{DRF,
  title = "{Django REST Framework}",
  key = "DRF",
  howpublished = {\url{https://www.django-rest-framework.org/}},
  note = "Accessed on January 2021"
}

@misc{AgileManifesto,
  title = "{Manifesto for Agile Software Development}",
  key = "Manifesto for Agile Software Development",
  howpublished = {\url{http://agilemanifesto.org/}},
  note = "Accessed on October 2020"
}

@misc{ScrumGuide,
  title = "{The Scrum Guide}",
  key = "The Scrum Guide",
  howpublished = {\url{https://www.scrumguides.org/scrum-guide.html}},
  note = "Accessed on November 2020"
}

@misc{DailyScrum,
  title = "{Daily Scrum}",
  key = "Daily Scrum",
  howpublished = {\url{https://www.scrumguides.org/scrum-guide.html#events-daily}},
  note = "Accessed on November 2020"
}

@misc{IterationReviewAndAnalysis,
  title = "{Iteration Review and Analysis}",
  key = "Iteration Review and Analysis",
  howpublished = {\url{https://arxiv.org/ftp/arxiv/papers/1709/1709.08439.pdf}},
  note = "Accessed on November 2020"
}

@misc{AgileSuccess,
  title = "{Agile Success}",
  key = "AgileSuccess",
  howpublished = {\url{http://www.agilemodeling.com/essays/proof.htm#:~:text=There\%20is\%20growing\%20survey\%20evidence,traditional\%20and\%2043\%25\%20for\%20offshoring.}},
  note = "Accessed on November 2020"
}

@misc{ScrumRoles,
  title = "{Scrum: A Structure Agile Approach}",
  key = "ScrumRoles",
  howpublished = {\url{https://www.atlassian.com/agile/kanban/kanban-vs-scrum}},
  note = "Accessed on September 2020"
}

@misc{gitlabdpl,
  title = "{Using Dpl as deployment tool}",
  key = "gitlabdpl",
  howpublished = {\url{https://docs.gitlab.com/ee/ci/examples/deployment/}},
  note = "Accessed on October 2020"
}


@misc{africaGeocode,
    author = "Inken von Borzyskowski and Patrick M. Kuhn",
    title = "{Human vs. Machine: A Systematic Comparison of Village-Level Geocoding Precision}",
    key="africaGeocode",
    howpublished= {\url{https://visionsinmethodology.org/wp-content/uploads/2018/05/Borzyskowski-Kuhn_Geocoding.pdf}},
    note = "Accessed on April 2021"
}

@misc{codeReviewsPairProg,
    author = "Birgitta Böckeler and Nina Siessegger",
    title = "{On Pair Programming}",
    key = "codeReviewsPairProg",
    howpublished = {\url{https://martinfowler.com/articles/on-pair-programming.html#CodeReviewVs.Pairing}},
    note = "Accessed on April 2021"
    }

@article{Inspections,
    author = "Robert L. Glass",
    title = "{Inspections—Some Surprising Findings}",
    journal = "Communications of the ACM",
    volume = "42",
    number = "4",
    pages = "17--19",
    year = "1999",
    DOI = "http://https://cacm.acm.org/",
}

@article{UnitTest,
    author = "Hong Zhu",
    title = "{Software Unit Test Coverage and Adequacy}",
    journal = "ACM Computing Surveys",
    volume = "29",
    number = "4",
    pages = "366--383",
    year = "1997",
    DOI = "https://dl.acm.org/doi/pdf/10.1145/267580.267590",
}

@article{SDLC,
    author = "Adel Alshamrani",
    title = "{A Comparison Between Three SDLC Models: Waterfall Model, Spiral Model, and Incremental/Iterative Model}",
    journal = " International Journal of Computer Science Issues",
    volume = "12",
    number = "1",
    pages = "106--111",
    year = "2015",
    DOI = "https://sijal-technology.com/images/company/86b122d4358357d834a87ce618a55de0.pdf",
}

@misc{MOSCOW,
    author = "Agile Business Consortium",
    title = "{MoSCoW Prioritisation}",
    key="MOSCOW",
    howpublished= {\url{https://www.agilebusiness.org/page/ProjectFramework_10_MoSCoWPrioritisation}},
    note = "Accessed on November 2020",
}

@misc{GoRetro,
    title="{GoRetro}",
    key="GoRetro",
    howpublished= {\url{https://app.goretro.ai/dashboard}},
    note = "Accessed on October 2020",
}

@misc{BestPractices,
    title="{Django Best Practices}",
    key="BestPractices",
    howpublished= {\url{https://django-best-practices.readthedocs.io/en/latest/applications.html#models}},
    note = "Accessed on April 2021",
}


@misc{Bootstrap,
    title="{Bootstrap}",
    key="Bootstrap",
    howpublished = {\url{https://getbootstrap.com/}},
    note = "Accessed on December 2021"
}

@inbook{Testing,
    author = "Martyn A. Ould",
    title = "{Testing in Software Development}",
    publisher = "Cambridge University Press",
    year = "1986",
    chapter = "1",
}

@misc{ScrumvsKanban,
    title = "{ScrumvsKanban}",
    key="ScrumvsKanban",
    howpublished = {\url{https://www.cprime.com/resources/blog/3-differences-between-scrum-and-kanban-you-need-to-know/}},
    note = "Accessed on October 2020"
}

@misc{ChooseALicense,
    title = "{Choose A License}",
    key = "ChooseALicense",
    howpublished = {\url{https://choosealicense.com/}},
    note = "Accessed on October 2020"
}

@misc{MITL,
    title = "{MIT License}",
    key = "MITL",
    howpublished = {\url{https://opensource.org/licenses/MIT}},
    note = "Accessed on October 2020"
}

@misc{GNUGPL,
    title = "{GNU General Public License}",
    key = "GNUGPL",
    howpublished = {\url{https://opensource.org/licenses/gpl-license}},
    note = "Accessed on October 2020"
}

@misc{BSDL,
    title = "{3-Clause BSD License}",
    key = "BSDL",
    howpublished = {\url{https://opensource.org/licenses/BSD-3-Clause}},
    note = "Accessed on October 2020"
}